%% -*-BibTeX-*-
%%
%% Communications
%% ====================================================================
%%
%%  BibTeX-file{
%%  author   = "Ralf Hoppe",
%%  version  = "$Revision: 1.5 $",
%%  filename = "comm.bib",
%%  address  = "Muellerstr. 25, 15366 Neuenhagen (bei Berlin), Germany",
%%  email    = "ralf.hoppe at domain ieee.org"  }

@Book{Hein:1998,
  author =       {Mathias Hein},
  title =        {Ethernet},
  publisher =    {ITP Verlag},
  year =         1998,
  address =      {Bonn},
  edition =      {2.},
  annote =       {library}
}

@Book{Trend:2005,
  author =       {Jos{\'e} M. Caballero and Francisco J. Hens},
  title =        {Gigabit Ethernet {roll-out}},
  publisher =    {Trend Communications Ltd.},
  year =         2005,
  annote =       {library}
}

@Book{Gofton:1986,
  author =       {Peter W. Gofton},
  title =        {Mastering Serial Communications},
  publisher =    {SYBEX},
  year =         1986,
  annote =       {library}
}

@Book{Elsing:1986,
  author =       {J. Elsing and A. Wiencek},
  title =        {Schnittstellen Handbuch},
  publisher =    {IWT-Verlag},
  year =         1986,
  annote =       {library}
}

@Book{Walrand:1996,
  author =       {Jean Walrand and Pravin Varaiya},
  title =        {High-Performance Communication Networks},
  publisher =    {Morgan Kaufmann Publishers},
  year =         1996,
  series =       {The Morgan Kaufmann Series in Networking},
  address =      {San Francisco, California},
  annote =       {library}
}

@Book{Stallings:1999,
  author =       {William Stallings},
  title =        {{SNMP}, {Snmpv2}, {Snmpv3}, and {Rmon} 1 and 2},
  publisher =    {Addison-Wesley Longman},
  year =         1999,
  address =      {Amsterdam},
  edition =      {3.},
  annote =       {library}
}

@Book{Walsh:2008,
  author =       {Larry Walsh},
  title =        {{SNMP} {MIB} Handbook},
  publisher =    {Wyndham Press},
  year =         2008,
  annote =       {library}
}

@Book{Hein:2001,
  author =       {Mathias Hein and Michael Reisner},
  title =        {{TCP/IP} {GE-PACKT}},
  publisher =    {mitp-Verlag},
  year =         2001,
  series =       {{Ge-Packte} Referenz},
  address =      {Bonn},
  annote =       {library}
}

@Book{Hein:2002,
  author =       {Mathias Hein and Michael Reisner},
  title =        {Netzwerkprotokolle {GE-PACKT}},
  publisher =    {mitp-Verlag},
  year =         2002,
  series =       {{Ge-Packte} Referenz},
  address =      {Bonn},
  annote =       {library}
}



%%
%% Standards
%%%%%%%%%%%%%%%

@TechReport{SDR-IQB:2009,
  author =       {Gerald Ulbricht and Gerd Kilian},
  title =        {Specification of the IQ Baseband Interface},
  institution =  {Fraunhofer Institute for Integrated Circuits},
  year =         2009,
  type =         {Software Defined Radio Forum Contribution},
  address =      {Am Wolfsmantel 33, 91058 Erlangen, Germany},
  annote =       {project}
}

@TechReport{ISO:8824,
  title =        "Information processing systems - Open Systems
                  Interconnection, Specification of Basic Encoding Rules for
                  Abstract Syntax Notation One (ASN.1)",
  institution =  "ISO",
  type =         "International Standard",
  number =       "ISO/IEC~8824",
  year =         1987,
  key =          "ISO",
  note =         "(withdrawn 1990-12-18)",
}

@TechReport{IEEE:STD802.1D,
  title =        {{IEEE} Standard for local and metropolitan area networks;
                  Media Access Control ({MAC}) Bridges},
  institution =  {IEEE},
  year =         2004,
  key =          {IEEE},
  type =         {Std},
  number =       {802.1D},
  keywords =     {ethernet, bridge},
  annote =       {project},
}

@TechReport{IEEE:STD802.2,
  title =        {{IEEE} Standard for Information technology -
                  Telecommunications and information exchange between systems -
                  Local and metropolitan area networks - Specific requirements;
                  Part 2: Logical Link Control},
  institution =  {IEEE},
  year =         1998,
  key =          {IEEE},
  type =         {Std},
  number =       {802.2},
  keywords =     {ethernet, LLC},
  annote =       {project},
}

@TechReport{IEEE:STD802.3,
  title =        {{IEEE} Standard for Information technology -
                  Telecommunications and information exchange between systems -
                  Local and metropolitan area networks - Specific requirements;
                  Part 3: Carrier sense multiple access with collision
                  detection ({CSMA/CD}) access method and physical layer
                  specifications},
  institution =  {IEEE},
  year =         2002,
  key =          {IEEE},
  type =         {Std},
  number =       {802.3},
  keywords =     {ethernet, MAC, CSMA/CD},
  annote =       {project},
}

@TechReport{ETSI:300392-1,
  title =        {Terrestrial Trunked Radio ({TETRA});Voice plus Data
                  ({V+D});Part~1: General network design},
  institution =  {ETSI},
  type =         {European Standard},
  number =       {EN~300{\,}392-1},
  key =          {ETSI},
  year =         2005,
  month =        jun,
  annote =       {project},
}

@TechReport{ETSI:300392-2,
  title =        {Terrestrial Trunked Radio ({TETRA}); Voice plus Data ({V+D});
                  Part~2: Air Interface ({AI})},
  institution =  {ETSI},
  type =         {European Standard},
  number =       {EN~300{\,}392-2},
  key =          {ETSI},
  year =         2005,
  month =        nov,
  annote =       {project},
}

@TechReport{ETSI:300401,
  title =        {Radio Broadcasting Systems; Digital Audio Broadcasting (DAB)
                  to mobile, portable and fixed receivers},
  institution =  {ETSI},
  type =         {European Standard},
  number =       {EN~300{\,}401},
  key =          {ETSI},
  year =         2006,
  month =        jun,
  annote =       {project},
}

@TechReport{ETSI:300468,
  title =        {Digital Video Broadcasting (DVB); Specification for Service
                  Information (SI) in DVB systems},
  institution =  {ETSI},
  type =         {European Standard},
  number =       {EN~300{\,}468},
  key =          {ETSI},
  year =         2014,
  month =        may,
  annote =       {project},
}

@TechReport{ETSI:302755,
  title =        {Digital Video Broadcasting (DVB); Frame structure channel
                  coding and modulation for a second generation digital
                  terrestrial television broadcasting system (DVB-T2)},
  institution =  {ETSI},
  type =         {European Standard},
  number =       {EN~302{\,}755},
  key =          {ETSI},
  year =         2015,
  month =        jul,
  annote =       {project},
}

@TechReport{ETSI:102428,
  title =        {Digital Audio Broadcasting (DAB); DMB video service; User
                  application specification},
  institution =  {ETSI},
  type =         {European Standard},
  number =       {TS~102{\,}428},
  key =          {ETSI},
  year =         2009,
  month =        apr,
  annote =       {project},
}

@TechReport{ISO:13818-1,
  title =        {Information technology -- Generic coding of moving pictures
                  and associated audio information -- Part 1: Systems},
  institution =  {ISO},
  type =         {International Standard},
  number =       {ISO/IEC~13818-1},
  year =         2013,
  annote =       {project},
}

@TechReport{ITU:X680,
  title =        "Information Technology - Abstract Syntax Notation One
                  ({ASN.1}): Specification of Basic Notation",
  institution =  "ITU-T",
  type =         "Recommendation",
  number =       "X.680",
  key =          "ITU",
  year =         1997,
}

@TechReport{ITU:X681,
  title =        "Information Technology - Abstract Syntax Notation One
                  ({ASN.1}): Information Object Specification",
  institution =  "ITU-T",
  type =         "Recommendation",
  number =       "X.681",
  key =          "ITU",
  year =         1997,
}

@TechReport{ITU:X682,
  title =        "Information Technology - Abstract Syntax Notation One
                  ({ASN.1}): Constraint Specification",
  institution =  "ITU-T",
  type =         "Recommendation",
  number =       "X.682",
  key =          "ITU",
  year =         1997,
}

@TechReport{ITU:X683,
  title =        "Information Technology - Abstract Syntax Notation One
                  ({ASN.1}): Parameterization of {ASN.1} Specifications",
  institution =  "ITU-T",
  type =         "Recommendation",
  number =       "X.683",
  key =          "ITU",
  year =         1997,
}

@TechReport{ITU:X690,
  title =        "Information Technology - {ASN.1} Encoding Rules;
                  Specification of Basic Encoding Rules ({BER}), Canonical
                  Encoding Rules ({CER}) and Distinguished Encoding Rules
                  ({DER})",
  institution =  "ITU-T",
  type =         "Recommendation",
  number =       "X.690",
  key =          "ITU",
  year =         1997,
}

@TechReport{ITU:X691,
  title =        "Information Technology - {ASN.1} Encoding Rules -
                  Specification of Packed Encoding Rules ({PER})",
  institution =  "ITU-T",
  type =         "Recommendation",
  number =       "X.691",
  key =          "ITU",
  year =         1997,
}

@TechReport{ITU:G957,
  title =        "Optical interfaces for equipments and systems relating to the
                  synchronous digital hierarchy",
  institution =  "ITU-T",
  type =         "Recommendation",
  number =       "G.957",
  key =          "ITU",
  year =         1999,
  annote =       "project"
}

@TechReport{ITU:G702,
  title =        "Digital Hierarchy Bit Rates",
  institution =  "ITU-T",
  type =         "Recommendation",
  number =       "G.702",
  key =          "ITU",
  year =         1988,
  annote =       "project"
}

@TechReport{ITU:G703,
  title =        "Physical/electrical Characteristics of Hierarchical Digital
                  Interfaces",
  institution =  "ITU-T",
  type =         "Recommendation",
  number =       "G.703",
  key =          "ITU",
  year =         1998,
  annote =       "project"
}

@TechReport{ITU:G708,
  institution =  "ITU-T",
  title =        "Network Node Interface for the {S}ynchronous {D}igital
                  {H}ierarchy ({SDH})",
  type =         "Recommendation",
  number =       "G.708",
  key =          "ITU",
  year =         1991,
  annote =       "project"
}

@TechReport{ITU:G707,
  title =        "Network Node Interface for the {S}ynchronous {D}igital
                  {H}ierarchy ({SDH}) - Synchronous Digital Hierarchy Bit
                  Rates",
  institution =  "ITU-T",
  type =         "Recommendation",
  number =       "G.707",
  key =          "ITU",
  year =         1996,
  annote =       "project"
}

@TechReport{ITU:G709,
  title =        "Synchronous Multiplexing Structure",
  institution =  "ITU-T",
  type =         "Recommendation",
  number =       "G.709",
  year =         1991,
  key =          "ITU",
  annote =       "project"
}

@TechReport{ITU:G775,
  title =        {Loss of Signal ({LOS}), Alarm Indication Signal ({AIS}) and
                  Remote Defect Indication ({RDI}) defect detection and
                  clearance criteria for {PDH} signals },
  institution =  {ITU-T},
  type =         {Recommendation},
  number =       {G.775},
  key =          {ITU},
  year =         1998,
  month =        oct,
  annote =       {project},
}

@TechReport{ITU:G783,
  title =        "Characteristics of {S}ynchronous {D}igital {H}ierarchy
                  ({SDH}) Equipment Functional Blocks",
  institution =  "ITU-T",
  type =         "Recommendation",
  number =       "G.783",
  key =          "ITU",
  year =         1997,
  annote =       "project"
}

@TechReport{ITU:G826,
  title =        {End-to-end error performance parameters and objectives for
                  international, constant bit-rate digital paths and
                  connections },
  institution =  {ITU-T},
  type =         {Recommendation},
  number =       {G.826},
  key =          {ITU},
  year =         2002,
  month =        dec,
  annote =       {project},
}

@TechReport{ITU:G831,
  title =        "Management Capabilities of Transport Networks Based on the
                  {S}ynchronous {D}igital {H}ierarchy ({SDH})",
  institution =  "ITU-T",
  type =         "Recommendation",
  number =       "G.831",
  key =          "ITU",
  year =         1996,
}

@TechReport{ITU:G832,
  title =        {Transport of {SDH} elements on {PDH} networks -- Frame and
                  multiplexing structures },
  institution =  {ITU-T},
  type =         {Recommendation},
  number =       {G.832},
  key =          {ITU},
  year =         1998,
  month =        oct,
  annote =       {project},
}

@TechReport{Bell:TRNWT:253,
  title =        {Synchronous Optical Network Transport Systems, Common Generic
                  Criteria},
  institution =  {Bellcore, Inc.},
  year =         1991,
  key =          {NWT},
  number =       {TR-NWT-000253},
  month =        dec,
  annote =       {project},
}

@TechReport{ANSI:T1.105,
  title =        "Digital Hierarchy - Optical Interfaces Rates and Formats
                  Specifications ({SONET})",
  institution =  "ANSI",
  type =         "American National Standard for Telecommunications",
  number =       "T1.105",
  year =         1991,
  key =          "ANSI",
  annote =       "project"
}

@TechReport{ANSI:T1.231,
  title =        {{DS3} -- Layer~1 In Service Digital Transmission Performance
                  Monitoring},
  institution =  {ANSI},
  type =         {American National Standard for Telecommunications},
  number =       {T1.231},
  year =         2003,
  month =        mar,
  key =          {ANSO},
  annote =       {project},
}

@TechReport{ANSI:T1.510,
  title =        {Network Performance Parameters for Dedicated Digital Services
                  for Rates Up to and Including {DS3} - Specifications },
  institution =  {ANSI},
  type =         {American National Standard for Telecommunications},
  number =       {T1.510},
  year =         1994,
  key =          {ANSI},
  annote =       {project},
}

@TechReport{ANSI:X3.263,
  title =        "Fibre Distributed Data Interface ({FDDI}) -- Token Ring
                  Twisted Pair Physical Layer Medium Dependent ({TP-PMD})",
  institution =  "ANSI",
  type =         "American National Standard for Information Technology",
  number =       "X3.263",
  key =          "ANSI",
  year =         1995,
  annote =       "project"
}

%% IETF (RFC)
%%

@TechReport{IETF:RFC0826,
  author =       {David C. Plummer},
  title =        {An Ethernet Address Resolution Protocol -- or -- Converting
                  Network Protocol Addresses to 48.bit Ethernet Address for
                  Transmission on Ethernet Hardware},
  institution =  {IETF},
  type =         {RFC},
  number =       0826,
  month =        nov,
  year =         1982,
  annote =       {project}
}

@TechReport{IETF:RFC1035,
  author =       {P. Mockapetris},
  title =        {Domain Names - Implementation and Specification)},
  institution =  {IETF},
  type =         {RFC},
  number =       1035,
  month =        nov,
  year =         1987,
  annote =       {project}
}

@TechReport{IETF:RFC1122,
  author =       {R. Braden},
  title =        {Requirements for Internet Hosts -- Communication Layers},
  institution =  {IETF},
  type =         {RFC},
  number =       1122,
  month =        oct,
  year =         1989,
  annote =       {project}
}

@TechReport{IETF:RFC1738,
  author =       {T. Berners-Lee and L. Masinter and M. McCahill},
  title =        {Uniform Resource Locators ({URL})},
  institution =  {IETF},
  type =         {RFC},
  number =       1738,
  month =        dec,
  year =         1994,
  annote =       {project}
}

@TechReport{IETF:RFC3986,
  author =       {T. Berners-Lee and R. Fielding and L. Masinter},
  title =        {Uniform Resource Identifier ({URI}): Generic Syntax},
  institution =  {IETF},
  type =         {RFC},
  number =       3986,
  month =        jan,
  year =         2005,
  annote =       {project}
}

@TechReport{IETF:RFC3927,
  author =       {S. Cheshire and B. Aboba and E. Guttman},
  title =        {Dynamic Configuration of IPv4 Link-Local Addresses},
  institution =  {IETF},
  type =         {RFC},
  number =       3927,
  month =        may,
  year =         2005,
  annote =       {project}
}

@TechReport{IETF:RFC2851,
  author =       {M. Daniele and B. Haberman and S. Routhier and J. Schoenwaelder},
  title =        {Textual Conventions for Internet Network Addresses},
  institution =  {IETF},
  type =         {RFC},
  number =       2851,
  month =        jun,
  year =         2000,
  note =         {(Obsoleted by RFC~4001)},
  annote =       {project}
}

@TechReport{IETF:RFC4632,
  author =       {V. Fuller and T. Li},
  title =        {Classless Inter-domain Routing (CIDR): The Internet Address
                  Assignment and Aggregation Plan},
  institution =  {IETF},
  type =         {RFC},
  number =       4632,
  month =        aug,
  year =         2006,
  annote =       {project}
}

@TechReport{IETF:RFC5735,
  author =       {M. Cotton and L. Vegoda},
  title =        {Special Use IPv4 Addresses},
  institution =  {IETF},
  type =         {RFC},
  number =       5735,
  month =        jan,
  year =         2010,
  annote =       {project}
}

@TechReport{IETF:RFC5227,
  author =       {S. Cheshire},
  title =        {IPv4 Address Conflict Detection},
  institution =  {IETF},
  type =         {RFC},
  number =       5227,
  month =        jul,
  year =         2008,
  annote =       {project}
}

@TechReport{IETF:RFC1157,
  author =       "J.D. Case and M. Fedor and M.L. Schoffstall and C. Davin",
  title =        "{S}imple {N}etwork {M}anagement {P}rotocol ({SNMP})",
  institution =  "IETF",
  type =         "RFC",
  number =       1157,
  month =        may,
  year =         1990,
  annote =       "project"
}

@TechReport{IETF:RFC1155,
  author =       "M.T. Rose and K. McCloghrie",
  title =        "Structure and Identification of Management Information for
                  {TCP\slash IP}-based Internets",
  institution =  "IETF",
  type =         "RFC",
  number =       1155,
  month =        may,
  year =         1990,
  annote =       "project"
}

@TechReport{IETF:RFC1213,
  author =       "K. McCloghrie and M.T. Rose",
  title =        "Management Information Base for Network Management of
                  {TCP\slash IP}-based Internets:{MIB-II}",
  institution =  "IETF",
  type =         "RFC",
  number =       1213,
  year =         1991,
  annote =       "project"
}

@TechReport{IETF:RFC1215,
  author =       "M. Rose",
  title =        "A Convention for Defining Traps for use with the {SNMP}",
  institution =  "IETF",
  type =         "RFC",
  number =       1215,
  month =        mar,
  year =         1991,
  annote =       "project"
}

@TechReport{IETF:RFC1902,
  author =       "J. Case and K. McCloghrie and M. Rose and S. Waldbusser",
  title =        "Structure of Management Information for Version 2 of the
                  {Simple Network Management Protocol} ({SNMPv2})",
  institution =  "IETF",
  type =         "RFC",
  number =       1902,
  month =        jan,
  year =         1996,
  note =         {(Obsoleted by RFC~2578)},
  annote =       {project}
}

@TechReport{IETF:RFC1903,
  author =       "J. Case and K. McCloghrie and M. Rose and S. Waldbusser",
  title =        "Textual Conventions for Version 2 of the {Simple Network
                  Management Protocol} ({SNMPv2})",
  institution =  "IETF",
  type =         "RFC",
  number =       1903,
  month =        jan,
  year =         1996,
  note =         {(Obsoleted by RFC~2579)},
  annote =       {project}
}

@TechReport{IETF:RFC1904,
  author =       "J. Case and K. McCloghrie and M. Rose and S. Waldbusser",
  title =        "Conformance Statements for Version 2 of the {Simple Network
                  Management Protocol} ({SNMPv2})",
  institution =  "IETF",
  type =         "RFC",
  number =       1904,
  month =        jan,
  year =         1996,
  note =         {(Obsoleted by RFC~2580)},
  annote =       {project}
}

@TechReport{IETF:RFC1905,
  author =       "J. Case and K. McCloghrie and M. Rose and S. Waldbusser",
  title =        "Protocol Operations for Version 2 of the {Simple Network
                  Management Protocol} ({SNMPv2})",
  institution =  "IETF",
  type =         "RFC",
  number =       1905,
  month =        jan,
  year =         1996,
  note =         {(Obsoleted by RFC~3416)},
  annote =       {project}
}

@TechReport{IETF:RFC1906,
  author =       "J. Case and K. McCloghrie and M. Rose and S. Waldbusser",
  title =        "Transport Mappings for Version 2 of the {Simple Network
                  Management Protocol} ({SNMPv2})",
  institution =  "IETF",
  type =         "RFC",
  number =       1906,
  month =        jan,
  year =         1996,
  note =         {(Obsoleted by RFC~3417)},
  annote =       {project}
}

@TechReport{IETF:RFC1907,
  author =       "J. Case and K. McCloghrie and M. Rose and S. Waldbusser",
  title =        "Management Information Base for Version 2 of the {Simple
                  Network Management Protocol} ({SNMPv2})",
  institution =  "IETF",
  type =         "RFC",
  number =       1907,
  month =        jan,
  year =         1996,
  note =         {(Obsoleted by RFC~3418)},
  annote =       {project}
}

@TechReport{IETF:RFC1908,
  author =       "J. Case and K. McCloghrie and M. Rose and S. Waldbusser",
  title =        "Coexistence between Version 1 and Version 2 of the
                  {Internet-standard Network Management Framework}",
  institution =  "IETF",
  type =         "RFC",
  number =       1908,
  month =        jan,
  year =         1996,
  note =         {(Obsoleted by RFC~2576)},
  annote =       {project}
}

@TechReport{IETF:RFC2233,
  author =       "K. McCloghrie and F. Kastenholz",
  title =        "The Interfaces Group {MIB} using {SMIv2}",
  institution =  "IETF",
  type =         "RFC",
  number =       2233,
  month =        nov,
  year =         1997,
  note =         {(Obsoleted by RFC~2863)},
  annote =       "project"
}

@TechReport{IETF:RFC2271,
  author =       "D. Harrington and R. Presuhn and B. Wijnen",
  title =        "An Architecture for Describing {SNMP} Management Frameworks",
  institution =  "IETF",
  type =         "RFC",
  number =       2271,
  month =        jan,
  year =         1998,
  note =         {(Obsoleted by RFC~2571)},
  annote =       "project"
}

@TechReport{IETF:RFC2272,
  author =       "J. Case and D. Harrington and R. Presuhn and B. Wijnen",
  title =        "Message Processing and Dispatching for the {Simple Network
                  Management Protocol} ({SNMP})",
  institution =  "IETF",
  type =         "RFC",
  number =       2272,
  month =        jan,
  year =         1998,
  note =         {(Obsoleted by RFC~3412)},
  annote =       {project}
}

@TechReport{IETF:RFC2273,
  author =       "D. Levi and P. Meyer and B. Stewart",
  title =        "{SNMPv3} Applications",
  institution =  "IETF",
  type =         "RFC",
  number =       2273,
  month =        jan,
  year =         1998,
  note =         {(Obsoleted by RFC~2573)},
  annote =       "project"
}

@TechReport{IETF:RFC2274,
  author =       "U. Blumenthal and B. Wijnen",
  title =        "{User-based Security Model} ({USM}) for version 3 of the
                  {Simple Network Management Protocol} ({SNMPv3})",
  institution =  "IETF",
  type =         "RFC",
  number =       2274,
  month =        jan,
  year =         1998,
  note =         {(Obsoleted by RFC~2574)},
  annote =       "project"
}

@TechReport{IETF:RFC2275,
  author =       "B. Wijnen and R. Presuhn and K. McCloghrie",
  title =        "{View-based Access Control Model} ({VACM}) for the {Simple
                  Network Management Protocol} ({SNMP})",
  institution =  "IETF",
  type =         "RFC",
  number =       2275,
  month =        jan,
  year =         1998,
  note =         {(Obsoleted by RFC~2575)},
  annote =       "project"
}

@TechReport{IETF:RFC2571,
  author =       {D. Harrington and R. Presuhn and B. Wijnen},
  title =        {An Architecture for Describing {SNMP} Management Frameworks},
  institution =  {IETF},
  type =         {RFC},
  number =       2571,
  month =        apr,
  year =         1999,
  note =         {(Obsoleted by RFC~3411)},
  annote =       {project}
}

@TechReport{IETF:RFC2572,
  author =       {J. Case and D. Harrington and R. Presuhn and B. Wijnen},
  title =        {Message Processing and Dispatching for the Simple Network
                  Management Protocol ({SNMP})},
  institution =  {IETF},
  type =         {RFC},
  number =       2572,
  month =        apr,
  year =         1999,
  note =         {(Obsoleted by RFC~3412)},
  annote =       {project}
}

@TechReport{IETF:RFC2573,
  author =       {D. Levi and P. Meyer and B. Stewart},
  title =        {{SNMP} Applications},
  institution =  {IETF},
  type =         {RFC},
  number =       2573,
  month =        apr,
  year =         1999,
  note =         {(Obsoleted by RFC~3413)},
  annote =       {project}
}

@TechReport{IETF:RFC2574,
  author =       {U. Blumenthal and B. Wijnen},
  title =        {User-based Security Model ({USM}) for version 3 of the Simple
                  Network Management Protocol ({SNMPv3})},
  institution =  {IETF},
  type =         {RFC},
  number =       2574,
  month =        apr,
  year =         1999,
  note =         {(Obsoleted by RFC~3414)},
  annote =       {project}
}

@TechReport{IETF:RFC2575,
  author =       {B. Wijnen and R. Presuhn and K. McCloghrie},
  title =        {View-based Access Control Model ({VACM}) for the Simple
                  Network Management Protocol ({SNMP})},
  institution =  {IETF},
  type =         {RFC},
  number =       2575,
  month =        apr,
  year =         1999,
  note =         {(Obsoleted by RFC~3415)},
  annote =       {project}
}

@TechReport{IETF:RFC2576,
  author =       {R. Frye and D. Levi and S. Routhier and B. Wijnen},
  title =        {Coexistence between Version 1, Version 2, and Version 3 of
                  the Internet-standard Network Management Framework},
  institution =  {IETF},
  type =         {RFC},
  number =       2576,
  month =        mar,
  year =         2000,
  note =         {(Obsoleted by RFC~3584)},
  annote =       {project}
}

@TechReport{IETF:RFC2578,
  author =       "K. McCloghrie and D. Perkins and J. Schoenwaelder",
  title =        "Structure of Management Information Version 2 ({SMIv2})",
  institution =  "IETF",
  type =         "RFC",
  number =       2578,
  month =        apr,
  year =         1999,
  annote =       "project"
}

@TechReport{IETF:RFC2579,
  author =       "K. McCloghrie and D. Perkins and J. Schoenwaelder",
  title =        "Textual Conventions for {SMIv2}",
  institution =  "IETF",
  type =         "RFC",
  number =       2579,
  month =        apr,
  year =         1999,
  annote =       "project"
}

@TechReport{IETF:RFC2863,
  author =       "K. McCloghrie and F. Kastenholz",
  title =        "The Interfaces Group {MIB} using {SMIv2}",
  institution =  "IETF",
  type =         "RFC",
  number =       2863,
  month =        jun,
  year =         2000,
  annote =       "project"
}

@TechReport{IETF:RFC3417,
  author =       {R. Presuhn},
  title =        {Transport Mappings for the Simple Network Management Protocol
                  ({SNMP})},
  institution =  {IETF},
  type =         {RFC},
  number =       3417,
  month =        dec,
  year =         2002,
  annote =       {project}
}

@TechReport{IETF:RFC5590,
  author =       {D. Harrington and J. Schoenwaelder},
  title =        {Transport Subsystem for the Simple Network Management
                  Protocol ({SNMP})},
  institution =  {IETF},
  type =         {RFC},
  number =       5590,
  month =        jun,
  year =         2009,
  annote =       {project}
}

@TechReport{IETF:RFC5591,
  author =       {D. Harrington and W. Hardaker},
  title =        {Transport Security Model for the Simple Network Management
                  Protocol ({SNMP})},
  institution =  {IETF},
  type =         {RFC},
  number =       5591,
  month =        jun,
  year =         2009,
  annote =       {project}
}

@TechReport{IETF:RFC5592,
  author =       {D. Harrington and J. Salowey and W. Hardaker},
  title =        {Secure Shell Transport Model for the Simple Network
                  Management Protocol ({SNMP})},
  institution =  {IETF},
  type =         {RFC},
  number =       5592,
  month =        jun,
  year =         2009,
  annote =       {project}
}

@TechReport{IETF:RFC3164,
  author =       "C. Lonvick",
  title =        "The {BSD} syslog Protocol",
  institution =  "IETF",
  type =         "RFC",
  number =       3164,
  month =        aug,
  year =         2001,
  annote =       "project"
}

@TechReport{IETF:RFC2131,
  author =       {R. Droms},
  title =        {Dynamic Host Configuration Protocol},
  institution =  {IETF},
  type =         {RFC},
  number =       2131,
  month =        mar,
  year =         1997,
  annote =       {project}
}

@TechReport{IETF:RFC2132,
  author =       {S. Alexander and R. Droms},
  title =        {DHCP Options and BOOTP Vendor Extensions},
  institution =  {IETF},
  type =         {RFC},
  number =       2132,
  month =        mar,
  year =         1997,
  annote =       {project}
}

@TechReport{IETF:RFC3046,
  author =       {M. Patrick},
  title =        {DHCP Relay Agent Information Option},
  institution =  {IETF},
  type =         {RFC},
  number =       3046,
  month =        jan,
  year =         2001,
  annote =       {project}
}

@TechReport{IETF:RFC1866,
  author =       {T. Berners-Lee and D. Connolly},
  title =        {Hypertext Markup Language -- 2.0},
  institution =  {IETF},
  type =         {RFC},
  number =       1866,
  month =        nov,
  year =         1995,
  note =         {(Obsoleted by RFC~2854)},
  annote =       {project}
}

@TechReport{IETF:RFC1945,
  author =       {T. Berners-Lee and R. Fielding and H. Frystyk},
  title =        {Hypertext Transfer Protocol -- {HTTP}/1.0},
  institution =  {IETF},
  type =         {RFC},
  number =       1945,
  month =        may,
  year =         1996,
  annote =       {project}
}

@TechReport{IETF:RFC2616,
  author =       {R. Fielding and J. Gettys and J. Mogul and H. Frystyk and
                  L. Masinter and P. Leach and T. Berners-Lee},
  title =        {Hypertext Transfer Protocol -- {HTTP}/1.1},
  institution =  {IETF},
  type =         {RFC},
  number =       2616,
  month =        jun,
  year =         1999,
  annote =       {project}
}

@TechReport{IETF:RFC2617,
  author =       {J. Franks and P. Hallam-Baker and J. Hostetler and
                  S. Lawrence and P. Leach and A. Luotonen and L. Stewart},
  title =        {{HTTP} Authentication: Basic and Digest Access
                  Authentication},
  institution =  {IETF},
  type =         {RFC},
  number =       2617,
  month =        jun,
  year =         1999,
  annote =       {project}
}
