%% -*-BibTeX-*-
%%
%% Computers and Software Books
%% ====================================================================
%%
%%  BibTeX-file{
%%  author   = "Ralf Hoppe",
%%  version  = "$Revision: 1.7 $",
%%  filename = "computers.bib",
%%  address  = "Junker-J{\"o}rg-Str. 2, 10318 Berlin, Germany",
%%  email    = "ralf.hoppe at domain ieee.org"  }



@Book{Stevens:1990,
  author =       {W. Richard Stevens},
  title =        {{UNIX} Network Programming},
  publisher =    {Prentice Hall},
  year =         {1990},
  series =       {Prentice Hall Software Series},
  address =      {Englewood Cliffs},
  annote =       {library}
}


@Book{Press:1992,
  author =       {William H. Press and Saul A. Teukolsky and William T. Vetterling and Brian P. Flannery},
  title =        {Numerical Recipes in C -- The Art of Scientific Computing},
  publisher =    {Cambridge University Press},
  year =         {1992},
  edition =      {2.},
  annote =       {library}
}


@Book{Zaks:1982,
  author =       {R. Zaks and A. Lesea},
  title =        {Mikroprozessor Interface Techniken},
  publisher =    {SYBEX},
  year =         {1982},
  annote =       {library}
}


@Book{Tischer:1990,
  author =       {Michael Tischer},
  title =        {PC Intern {2.0}},
  publisher =    {Data Becker},
  year =         {1990},
  edition =      {5.},
  annote =       {library}
}

@Book{Messmer:1993,
  author =       {Hans-Peter Messmer},
  title =        {PC-Hardwarebuch},
  publisher =    {Addison-Wesley},
  year =         {1993},
  edition =      {2.},
  annote =       {library}
}

@Book{Burtch:2004,
  author =       {Ken O. Burtch},
  title =        {Linux Shell Scripting with {Bash}},
  publisher =    {Sams Publishing},
  year =         {2004},
  annote =       {library}
}

@Book{Fogel:2000,
  author =       {Karl Fogel},
  title =        {Open Source-Projekte mit {CVS}},
  publisher =    {mitp-Verlag},
  year =         {2000},
  address =      {Bonn},
  annote =       {library}
}

@Book{Stoehr:2007,
  author =       {Florian St{\"o}hr},
  title =        {Die {GNU} Autotools},
  publisher =    {C\&L-Verlag},
  year =         {2007},
  address =      {Bonn},
  annote =       {library}
}

@Book{Fischer:2007,
  author =       {Markus Fischer},
  title =        {{Ubuntu} {GNU}/{Linux}},
  publisher =    {Galileo Press},
  year =         {2007},
  address =      {Bonn},
  edition =      {2.},
  annote =       {library}
}

@Book{Lippman:2002,
  author =       {Stanley B. Lippman and Jos{\'e} Lajoie},
  title =        {{C++} Primer},
  publisher =    {mitp-Verlag},
  year =         {2002},
  annote =       {library}
}

@Book{Abbott:2006,
  author =       {Doug Abbott},
  title =        {{Linux} for Embedded and Real-Time Applications},
  publisher =    {Elsevier},
  year =         {2006},
  edition =      {2.},
  annote =       {library}
}

@Book{Love:2010,
  author =       {Robert Love},
  title =        {{Linux} Kernel Development},
  publisher =    {Pearson Education},
  year =         {2010},
  edition =      {3.},
  series =       {Developer's Library},
  annote =       {library}
}

@Book{Wolf:2005,
  author =       {Wayne Wolf},
  title =        {Computers as Components},
  publisher =    {Elsevier},
  year =         {2005},
  annote =       {library}
}

@Book{Oualline:1995,
  author =       {Steve Oualline},
  title =        {Practical {C++} Programming},
  publisher =    {O'Reilly \& Associates},
  year =         {1995},
  annote =       {library}
}

@Book{Molinaro:2006,
  author =       {Anthony Molinaro},
  title =        {{SQL} Cookbook},
  publisher =    {O'Reilly Media},
  year =         {2006},
  annote =       {library}
}

@Book{Kannengiesser:2004,
  author =       {Matthias Kannengiesser and Damir Enseleit},
  title =        {{PHP} 5},
  publisher =    {Franzis Verlag},
  year =         {2004},
  annote =       {library}
}

@Book{Born:1991,
  author =       {G{\"u}nter Born},
  title =        {Referenzhandbuch Dateiformate},
  publisher =    {Addison-Wesley},
  year =         {1991},
  address =      {Bonn; M{\"u}nchen; Reading, Massachusetts (\mbox{u.a.})},
  annote =       {library}
}

@Book{Dalheimer:1999,
  author =       {Matthias Kale Dalheimer},
  title =        {Programming with {Qt}},
  publisher =    {O'Reilly Verlag},
  year =         {1999},
  annote =       {library}
}

@Book{Lehner:1999,
  author =       {Burkhard Lehner},
  title =        {{KDE}- und {Qt}-Programmierung},
  publisher =    {Addison-Wesley-Longman},
  year =         {1999},
  address =      {M{\"u}nchen; Reading, Massachusetts ({\mbox{u.a.}})},
  annote =       {library}
}

@Book{Douglas:1990,
  author =       {Douglas A. Young},
  title =        {The {X} window system : programming and applications with {Xt}},
  publisher =    {Prentice Hall},
  year =         {1990},
  address =      {Englewood Cliffs},
  note =         {OSF/Motif {\mbox{ed.}}},
  annote =       {library}
}

@Book{Louis:1998,
  author =       {Dirk Louis},
  title =        {{C} und {C++} : Programmierung und Referenz},
  publisher =    {Markt und Technik},
  year =         {1998},
  annote =       {library}
}

@Book{Alhir:1998,
  author =       {Sinan Si Alhir},
  title =        {{UML} in a Nutshell},
  publisher =    {O'Reilly \& Associates},
  year =         {1998},
  annote =       {library}
}

@Book{Kernighan:1990,
  author =       {Brian W. Kernighan and Dennis M. Ritchie},
  title =        {Programmieren in {C}},
  publisher =    {Prentice-Hall International},
  year =         {1990},
  edition =      {2.},
  annote =       {library}
}

@Book{Douglass:2004,
  author =       {Bruce Powel Douglass},
  title =        {Real Time {UML}},
  publisher =    {Addison-Wesley},
  year =         {2004},
  edition =      {3.},
  annote =       {library}
}

@Book{Robbins:2002,
  author =       {Arnold Robbins},
  title =        {{sed} \& {awk} Pocket Reference},
  publisher =    {O'Reilly \& Associates},
  year =         {2002},
  edition =      {2.},
  annote =       {library}
}

@Book{Meyer:2001,
  author =       {Eric A. Meyer},
  title =        {{CSS} Pocket Reference},
  publisher =    {O'Reilly \& Associates},
  year =         {2001},
  annote =       {library}
}

@Book{Cameron:1999,
  author =       {Debra Cameron},
  title =        {{GNU} {Emacs} Pocket Reference},
  publisher =    {O'Reilly \& Associates},
  year =         {1999},
  annote =       {library}
}

@Book{Dalheimer:1998,
  author =       {Matthias Kalle Dalheimer},
  title =        {{\LaTeX} kurz \& gut},
  publisher =    {O'Reilly Verlag},
  year =         {1999},
  annote =       {library}
}

@Book{Robbins:1999,
  author =       {Arnold Robbins},
  title =        {{vi} Editor Pocket Reference},
  publisher =    {O'Reilly \& Associates},
  year =         {1999},
  annote =       {library}
}

@Book{Eckstein:2001,
  author =       {Robert Eckstein, David Collier-Brown and Peter KellyArnold Robbins},
  title =        {{Samba} Pocket Reference},
  publisher =    {O'Reilly \& Associates},
  year =         {2001},
  annote =       {library}
}

@Book{Ford:2000,
  author =       {Andrew Ford},
  title =        {{Apache} Pocket Reference},
  publisher =    {O'Reilly \& Associates},
  year =         {2000},
  annote =       {library}
}

@Book{Guenther:2003,
  author =       {Karsten G{\"u}nther},
  title =        {{Emacs} {GE-PACKT}},
  publisher =    {mitp-Verlag},
  year =         {2003},
  series =       {{Ge-Packte} Referenz},
  edition =      {1.},
  annote =       {library}
}

@Book{Graefen:2001,
  author =       {Daniel Graefen},
  title =        {{DTP} druckreif},
  publisher =    {Rowohlt Taschenbuch Verlag},
  year =         {2001},
  annote =       {library}
}

@Book{Rupp:2004,
  author =       {Chris Rupp},
  title =        {Systemanalyse kompakt},
  publisher =    {Elsevier},
  year =         {2004},
  address =      {M{\"u}nchen},
  annote =       {library}
}

@Book{Polze:1989,
  author =       {Christoph Polze},
  title =        {{UNIX}-Werkzeuge zur Programmentwicklung},
  publisher =    {Verlag Technik},
  year =         {1989},
  address =      {Berlin},
  annote =       {library}
}

@Book{Lenzer:1987,
  author =       {Joachim Lenzer},
  title =        {{CHILL} : eine Einf{\"u}hrung in die Programmiersprache},
  publisher =    {Dr. Alfred H{\"u}thig Verlag},
  year =         {1987},
  address =      {Heidelberg},
  annote =       {library}
}

@Book{Schildt:1989,
  author =       {Herbert Schildt},
  title =        {Turbo {C} The Pocket Reference},
  publisher =    {McGraw-Hill},
  year =         {1989},
  annote =       {library}
}

@Book{Herbers:1996,
  author =       {Jens Herbers and J{\"o}rg Ebers},
  title =        {Visual {C++}},
  publisher =    {Data Becker},
  year =         {1989},
  annote =       {library}
}

@Book{Schaaf:2000,
  author =       {Dennis Schaaf},
  title =        {{Perl} : Das bhv Taschenbuch},
  publisher =    {bhv Verlag},
  year =         {2000},
  annote =       {library}
}

@Book{Knobloch:1998,
  author =       {Frank Knobloch and Michael Seeboerger-Weichselbaum},
  title =        {{Java}},
  publisher =    {bhv Verlag},
  year =         {1998},
  edition =      {3.},
  annote =       {library}
}

@Book{Wirth:1986,
  author =       {Niklaus Wirth},
  title =        {Algorithmen und Datenstrukturen mit {Modula - 2}},
  publisher =    {B.~G. Teubner},
  year =         {1986},
  address =      {Stuttgart},
  edition =      {4.},
  annote =       {library}
}

@Book{Bradley:1998,
  author =       {Neil Bradley},
  title =        {The {XML} Companion},
  publisher =    {Addison-Wesley-Longman},
  year =         {1998},
  annote =       {library}
}

@Book{Herold:1998,
  author =       {Helmut Herold},
  title =        {{Linux} - {Unix} Kurzreferenz},
  publisher =    {Addison-Wesley},
  year =         {1998},
  annote =       {library}
}

@Book{Hertzog:2007,
  author =       {Ute Hertzog},
  title =        {{Linux} : Die praktische Referenz},
  publisher =    {Markt und Technik},
  year =         {2007},
  series =       {Schnell{\"u}bersichten},
  annote =       {library}
}

@Book{Reilly:1989,
  author =       {Tim {O'Reilly}},
  title =        {Das {UNIX V} Nutshell-Buch},
  publisher =    {Addison-Wesley},
  year =         {1989},
  annote =       {library}
}

@Book{Ward:1991,
  author =       {Paul T. Ward and Stephen J. Mellor},
  title =        {Strukturierte Systemanalyse von Echtzeit-Systemen},
  publisher =    {Prentice-Hall International, Carl Hanser Verlag},
  year =         {1991},
  note =         {{\"U}bersetzung aus dem Englischen von Steffan L{\"o}ffler
                  und Wolfgang Scholten},
  annote =       {library}
}


@Book{Herwijnen:1994,
  author =       {{Eric van} Herwijnen},
  title =        {Practical {SGML}},
  publisher =    {Kluwer Academic Publishers},
  year =         {1994},
  edition =      {2.},
  annote =       {library}
}

@Book{Lamport:1995,
  author =       {Leslie Lamport},
  title =        {Das {\LaTeX}-Handbuch},
  publisher =    {Addison-Wesley},
  year =         {1995},
  annote =       {library}
}

@Book{Goossens:1994,
  author =       {Michel Goossens, Frank Mittelbach, Alexander Samarin},
  title =        {Der {\LaTeX}-Begleiter},
  publisher =    {Addison-Wesley},
  year =         {1994},
  annote =       {library}
}

@Book{Goosens:1999,
  author =       {Michel Goossens and Sebastian Rahtz},
  title =        {The {\LaTeX} {Web} Companion},
  publisher =    {Addison Wesley Longman},
  year =         {1999},
  annote =       {library}
}



%% Standards
%%%%%%%%%%%%%%%

@TechReport{ISO:TR18037,
  title =        {Information Technology -- Programming languages - {C} -
                  Extensions to support embedded processors},
  institution =  {ISO},
  year =         {2006},
  key =          {ISO},
  type =         {Technical Report},
  number =       {TR~18037},
  month =        apr,
  keywords =     {C, Embedded},
  annote =       {project},
}


@TechReport{ISO:9899:1999,
  title =        {Programming languages -- {C}},
  institution =  {ISO/IEC},
  year =         {1999},
  key =          {ISO},
  type =         {International Standard},
  number =       {9899:1999},
  keywords =     {C},
  annote =       {project},
}

@TechReport{MIL:498:1994,
  title =        {Software Development and Documentation},
  institution =  {Department of Defense},
  year =         {1994},
  key =          {MIL},
  type =         {Military Standard},
  number =       {MIL-STD-498},
  month =        dec,
  annote =       {project},
}

@TechReport{ESA:PSS-05-0,
  title =        {{ESA} Software Engineering Standards, Issue~2},
  institution =  {European Space Agency},
  year =         {1991},
  key =          {ESA},
  type =         {Standard},
  number =       {PSS-05-0},
  month =        feb,
  keywords =     {ESA, software, engineering},
  annote =       {project},
}

@TechReport{Bund:VM97,
  title =        {{E}ntwicklungsstandard f{\"u}r {IT}-{S}ysteme des {B}undes},
  institution =  {Bundesministerium des Innern},
  year =         {1997},
  key =          {VM},
  type =         {Allgemeiner Umdruck},
  number =       {Nr.~250/1-3},
  month =        jun,
  note =         {(V-Modell)},
  keywords =     {V-Modell},
  annote =       {project},
}

@TechReport{IEEE:STD1074,
  title =        {{IEEE} Standard for Developing Software Life Cycle Processes},
  institution =  {IEEE},
  year =         {1996},
  month =        apr,
  key =          {IEEE},
  type =         {Std},
  number =       {1074-1995},
  abstract =     {The set of activities that constitute the processes that are
                  mandatory for the development maintenance of software,
                  whether stand-alone or part of a system, is
                  provided. Non-software activities, such as hardware
                  development and purchasing, are outside of the scope of this
                  standard. Also provided is associated input and output
                  information},
  keywords =     {IEEE standards, software development management, software
                  maintenance, software standardsIEEE standard, input
                  information, output information, software development
                  activities, software lifecycle process development, software
                  maintenance},
  annote =       {project},
}


@TechReport{IEEE:STD1044.1,
  title =        {{IEEE} Guide to Classification for Software Anomalies},
  institution =  {IEEE},
  year =         {1996},
  month =        aug,
  key =          {IEEE},
  type =         {Std},
  number =       {1044.1},
  abstract =     {Provides supporting information to assist users who are
                  applying IEEE Std 1044-1993, IEEE Standard Classification for
                  Software Anomalies, to decide whether to conform completely
                  to or just extract ideas from IEEE Std 1044-1993. This guide
                  will enable users of IEEE Std 1044-1993 to implement and
                  customize that standard for their organization in an
                  effective and efficient manner},
  keywords =     {IEEE standards, classification, program debugging, software
                  engineering, software management, software standards, IEEE
                  Standard Classification for Software Anomalies, IEEE Std
                  1044-1993, standard customization, supporting data item},
  annote =       {project},
}

@TechReport{IEEE:STD1028,
  title =        {{IEEE} Standard for Software Reviews},
  institution =  {IEEE},
  year =         {1998},
  month =        mar,
  key =          {IEEE},
  type =         {Std},
  number =       {1028-1997},
  abstract =     {The IEEE standard for software reviews defines five types of
                  software reviews, together with procedures required for the
                  execution of each review type. This standard is concerned
                  only with the reviews; it does not define procedures for
                  determining the necessity of a review, nor does it specify
                  the disposition of the results of the review. Review types
                  include management reviews, technical reviews, inspections,
                  walk-throughs, and audits},
  keywords =     {IEEE standards, software reviews, software standardsIEEE
                  standard, audits, inspections, management reviews, review
                  types, software reviews, technical reviews, walk-throughs},
  annote =       {project},
}

@TechReport{IEEE:STD1012,
  title =        {{IEEE} Standard for Software Verification and Validation},
  institution =  {IEEE},
  year =         {1998},
  month =        jul,
  key =          {IEEE},
  type =         {Std},
  number =       {1012-1998},
  abstract =     {Software verification and validation ({V\&V}) processes,
                  which determine whether development products of a given
                  activity conform to the requirements of that activity, and
                  whether the software satisfies its intended use and user
                  needs, are described. This determination may include
                  analysis, evaluation, review, inspection, assessment, and
                  testing of software products and processes. V&V processes
                  assess the software in the context of the system, including
                  the operational environment, hardware, interfacing software,
                  operators, and users},
  keywords =     {IEEE standards, program testing, program verification,
                  software standardsIEEE standard, inspection, interfacing
                  software, program testing, requirements, software products,
                  software validation, software verification, user needs},
  annote =       {project},
}

@TechReport{IEEE:STD1016,
  title =        {{IEEE} Recommended Practice for Software Design Descriptions},
  institution =  {IEEE},
  year =         {1998},
  month =        dec,
  key =          {IEEE},
  type =         {Std},
  number =       {1016-1998},
  abstract =     {The necessary information content and recommendations for an
                  organization for Software Design Descriptions (SDDs) are
                  described. An SDD is a representation of a software system
                  that is used as a medium for communicating software design
                  information. This recommended practice is applicable to paper
                  documents, automated databases, design description languages,
                  or other means of description},
  keywords =     {IEEE standards, software engineering, software standardsIEEE
                  recommended practice, SDD, Software Design Descriptions,
                  automated databases, design description languages, paper
                  documents, software design information, software system},
  annote =       {project},
}

@TechReport{IEEE:STD829,
  title =        {{IEEE} Standard for Software Test Documentation},
  institution =  {IEEE},
  year =         {1998},
  month =        dec,
  key =          {IEEE},
  type =         {Std},
  number =       {829-1998},
  abstract =     {A set of basic software test documents is described. This
                  standard specifies the form and content of individual test
                  documents. It does not specify the required set of test
                  documents},
  keywords =     {IEEE standards, program testing, software standards, system
                  documentationIEEE Std 829-1998, IEEE standard, basic software
                  test documents, document content, document form, software
                  test documentation, test case specification, test design
                  specification, test incident report, test item transmittal
                  report, test log, test plan, test procedure specification,
                  test summary report},
  annote =       {project},
}

@TechReport{IEEE:STD730.1,
  title =        {{IEEE} Guide for Software Quality Assurance Planning},
  institution =  {IEEE},
  year =         {1996},
  month =        apr,
  key =          {IEEE},
  type =         {Std},
  number =       {730.1-1995},
  abstract =     {Approaches to good software quality assurance practices in
                  support of IEEE Std 730-1989, IEEE Standard for software
                  quality assurance plans, are identified. These practices are
                  directed toward the development and maintenance of critical
                  software, that is, where failure could impair safety or cause
                  large financial losses},
  keywords =     {IEEE standards, software quality, software reliability,
                  software standardsIEEE Standard, IEEE Std 730-1989, critical
                  software, financial losses, software quality assurance plans,
                  software quality assurance practices},
  annote =       {project},
}

@TechReport{IEEE:STD830,
  title =        {{IEEE} Recommended Practice for Software Requirements Specifications},
  institution =  {IEEE},
  year =         {1994},
  month =        apr,
  key =          {IEEE},
  type =         {Std},
  number =       {830-1993},
  annote =       {project},
}
