%% -*-BibTeX-*-
%%
%% Analog and digital Signal Processing Books
%% ====================================================================
%%
%%  BibTeX-file{
%%  author   = "Ralf Hoppe",
%%  version  = "$Revision: 1.1 $",
%%  filename = "adsp.bib",
%%  address  = "Gundelfinger Strasse 40, 10318 Berlin, Germany",
%%  email    = "ralf.hoppe at domain ieee.org"  }



%% Filter
%%%%%%%%%%%%%%%%%%%%%%%%%%

@book{Cauer:1954,
   author    = {W. Cauer},
   title     = {Theorie der linearen Wechselstromschaltungen},
   year      = {1954},
   publisher = {Akademie-Verlag Berlin},
   edition   = {2.},
   note      = {Aus dem Nachla{\ss}},
}


@book{Mildenberger:1992,
   author    = {O. Mildenberger},
   title     = {Entwurf analoger und digitaler Filter},
   year      = {1992},
   publisher = {Friedr. Vieweg and Sohn Verlagsgesellschaft mbH},
   edition   = {1.},
   address   = {Braunschweig/Wiesbaden},
}


@book{Schruefer:1990,
   author    = {E. Schr{\"u}fer},
   title     = {Signalverarbeitung -- Numerische Verarbeitung digitaler Signale},
   year      = {1990},
   publisher = {Carl Hanser Verlag},
   edition   = {1.},
   address   = {M{\"u}nchen Wien},
}


@book{Azizi:1990,
   author    = {Seyed Ali Azizi},
   title     = {Entwurf und Realisierung digitaler Filter},
   year      = {1990},
   publisher = {R. Oldenbourg Verlag},
   edition   = {5.},
   address   = {M{\"u}nchen Wien},
}


@book{Fritzsche:1985,
   author    = {G. Fritzsche},
   title     = {Signale und Funktionaltransformationen},
   year      = {1985},
   publisher = {Verlag Technik},
   edition   = {1.},
   address   = {Berlin},
}


@book{Fritzsche:1981,
   author    = {G. Fritzsche},
   title     = {Zeitdiskrete und digitale Systeme},
   year      = {1981},
   publisher = {Akademie Verlag},
   edition   = {1.},
   address   = {Berlin},
}


@book{Fritzsche:1979,
   author    = {G. Fritzsche},
   title     = {Entwurf passiver Analogvierpole},
   year      = {1979},
   publisher = {Akademie Verlag},
   edition   = {1.},
   address   = {Berlin},
}


@book{Zverev:1967,
   author    = {A.I. Zverev},
   title     = {Handbook of Filter Synthesis},
   year      = {1967},
   publisher = {John Wiley and Sons, Inc.},
}



%% Information Theory & Coding
%%%%%%%%%%%%%%%%%%%%%%%%%%%%%%

@book{Mildenberger:1990,
   author    = {O. Mildenberger},
   title     = {Informationstheorie und Codierung},
   year      = {1990},
   publisher = {Friedr. Vieweg and Sohn Verlagsgesellschaft mbH},
   edition   = {1.},
   address   = {Braunschweig/Wiesbaden},
}


@book{Peterson:1972,
   author    = {W.W. Peterson and E.J. Weldon},
   title     = {Error-Correcting Codes},
   year      = {1972},
   publisher = {The MIT Press},
   edition   = {2.},
   address   = {Cambridge Massachusetts and London, England},
}


@book{Fano:1966,
   author    = {R.M. Fano},
   title     = {Informations{\"u}bertragung},
   year      = {1966},
   publisher = {R. Oldenbourg Verlag},
   edition   = {1.},
}
