%% -*-BibTeX-*-
%%
%% Communications
%% ====================================================================
%%
%%  BibTeX-file{
%%  author   = "Ralf Hoppe",
%%  version  = "$Revision: 1.2 $",
%%  filename = "comm.bib",
%%  address  = "Karl-Egon-Str. 22, 10318 Berlin, Germany",
%%  email    = "ralf.hoppe at domain ieee.org"  }


@Book{Hein:1998,
  author =       {Mathias Hein},
  title =        {Ethernet},
  publisher =    {ITP Verlag},
  year =         {1998},
  address =      {Bonn},
  edition =      {2.}
}

@Book{Trend:2005,
  author =       {Jos{\'e} M. Caballero and Francisco J. Hens},
  title =        {Gigabit Ethernet {roll-out}},
  publisher =    {Trend Communications Ltd.},
  year =         {2005}
}

@Book{Gofton:1986,
  author =       {Peter W. Gofton},
  title =        {Mastering Serial Communications},
  publisher =    {SYBEX},
  year =         {1986}
}

@Book{Elsing:1986,
  author =       {J. Elsing and A. Wiencek},
  title =        {Schnittstellen Handbuch},
  publisher =    {IWT-Verlag},
  year =         {1986}
}

@Book{List:1991,
  author =       {Gerald List, Bernhard Richelmann, Jochen Richter},
  title =        {Das gro{\ss}e {MODEM} Buch},
  publisher =    {Data Becker},
  year =         {1991},
}

@Book{Walrand:1996,
  ALTauthor =    {Jean Walrand and Pravin Varaiya},
  ALTeditor =    {},
  title =        {High-Performance Communication Networks},
  publisher =    {Morgan Kaufmann Publishers},
  year =         {1996},
  series =       {The Morgan Kaufmann Series in Networking},
  address =      {San Francisco, California}
}

@Book{Hein:2001,
  author =       {Mathias Hein and Michael Reisner},
  title =        {{TCP/IP} {GE-PACKT}},
  publisher =    {mitp-Verlag},
  year =         {2001},
  series =       {{Ge-Packte} Referenz},
  address =      {Bonn}
}

@Book{Hein:2002,
  author =       {Mathias Hein and Michael Reisner},
  title =        {Netzwerkprotokolle {GE-PACKT}},
  publisher =    {mitp-Verlag},
  year =         {2002},
  series =       {{Ge-Packte} Referenz},
  address =      {Bonn}
}


%%
%% Standards
%%


@Manual{ITU:X680,
  title     = "Recommendation {X.680}: Information Technology - Abstract Syntax Notation One ({ASN.1}): Specification of Basic Notation",
  organization = "ITU-T",
  key    =	 "ITU",
  year = "1997",
}


@Manual{ITU:X681,
  title     = "Recommendation {X.681}: Information Technology - Abstract Syntax Notation One ({ASN.1}): Information Object Specification",
  organization = "ITU-T",
  year      = "1997",
}


@Manual{ITU:X682,
  title     = "Recommendation {X.682}: Information Technology - Abstract Syntax Notation One ({ASN.1}): Constraint Specification",
  organization = "ITU-T",
  key    =	 "ITU",
  year      = "1997",
}


@Manual{ITU:X683,
  title     = "Recommendation {X.683}: Information Technology - Abstract Syntax Notation One ({ASN.1}): Parameterization of {ASN.1} Specifications",
  organization = "ITU-T",
  key    =	 "ITU",
  year      = "1997",
}


@Manual{ITU:X690,
  title     = "Recommendation {X.690}: Information Technology - {ASN.1} Encoding Rules; Specification of Basic Encoding Rules ({BER}), Canonical Encoding Rules ({CER}) and Distinguished Encoding Rules ({DER})",
  organization = "ITU-T",
  year      = "1997",
}


@Manual{ITU:X691,
  title     = "Recommendation {X.691}: Information Technology - {ASN.1} Encoding Rules - Specification of Packed Encoding Rules ({PER})",
  organization = "ITU-T",
  key    =	 "ITU",
  year      = "1997",
}


%% IETF (RFC)
%%

@Misc{IETF:RFC1157,
  author =       "J.D. Case and M. Fedor and M.L. Schoffstall and C. Davin",
  title =        "{RFC 1157}: {S}imple {N}etwork {M}anagement {P}rotocol ({SNMP})",
  day =          "1",
  month =        may,
  year =         "1990",
}


@Misc{IETF:RFC1155,
  author =       "M.T. Rose and K. McCloghrie",
  title =        "{RFC 1155}: Structure and Identification of Management
                 Information for {TCP\slash IP}-based Internets",
  day =          "1",
  month =        may,
  year =         "1990",
}


@Misc{IETF:RFC1213,
  author =       "K. McCloghrie and M.T. Rose",
  title =        "{RFC 1213}: Management Information Base for Network
                 Management of {TCP\slash IP}-based Internets:{MIB-II}",
  day =          "1",
  month =        mar,
  year =         "1991",
}



@Misc{IETF:RFC1902,
  author =       "{SNMPv2 Working Group} and J. Case and K. McCloghrie
                 and M. Rose and S. Waldbusser",
  title =        "{RFC 1902}: Structure of Management Information for
                 Version 2 of the {Simple Network Management Protocol}
                 ({SNMPv2})",
  month =        jan,
  year =         "1996",
  note =         "DRAFT STANDARD",
}



@Misc{IETF:RFC1903,
  author =       "{SNMPv2 Working Group} and J. Case and K. McCloghrie
                 and M. Rose and S. Waldbusser",
  title =        "{RFC 1903}: Textual Conventions for Version 2 of the
                 {Simple Network Management Protocol} ({SNMPv2})",
  month =        jan,
  year =         "1996",
  note =         "DRAFT STANDARD",
}


@Misc{IETF:RFC1904,
  author =       "{SNMPv2 Working Group} and J. Case and K. McCloghrie
                 and M. Rose and S. Waldbusser",
  title =        "{RFC 1904}: Conformance Statements for Version 2 of
                 the {Simple Network Management Protocol} ({SNMPv2})",
  month =        jan,
  year =         "1996",
  bibdate =      "Thu Oct 16 09:34:09 MDT 1997",
  note =         "DRAFT STANDARD",
}


@Misc{IETF:RFC1905,
  author =       "{SNMPv2 Working Group} and J. Case and K. McCloghrie
                 and M. Rose and S. Waldbusser",
  title =        "{RFC 1905}: Protocol Operations for Version 2 of the
                 {Simple Network Management Protocol} ({SNMPv2})",
  month =        jan,
  year =         "1996",
  note =         "DRAFT STANDARD",
}


@Misc{IETF:RFC1906,
  author =       "{SNMPv2 Working Group} and J. Case and K. McCloghrie
                 and M. Rose and S. Waldbusser",
  title =        "{RFC 1906}: Transport Mappings for Version 2 of the
                 {Simple Network Management Protocol} ({SNMPv2})",
  month =        jan,
  year =         "1996",
  note =         "DRAFT STANDARD",
}


@Misc{IETF:RFC1907,
  author =       "{SNMPv2 Working Group} and J. Case and K. McCloghrie
                 and M. Rose and S. Waldbusser",
  title =        "{RFC 1907}: Management Information Base for Version 2
                 of the {Simple Network Management Protocol}
                 ({SNMPv2})",
  month =        jan,
  year =         "1996",
  note =         "DRAFT STANDARD",
}


@Misc{IETF:RFC1908,
  author =       "{SNMPv2 Working Group} and J. Case and K. McCloghrie
                 and M. Rose and S. Waldbusser",
  title =        "{RFC 1908}: Coexistence between Version 1 and Version
                 2 of the {Internet-standard Network Management
                 Framework}",
  month =        jan,
  year =         "1996",
  note =         "DRAFT STANDARD",
}


@Misc{IETF:RFC2271,
  author =       "D. Harrington and R. Presuhn and B. Wijnen",
  title =        "{RFC 2271}: An Architecture for Describing {SNMP}
                 Management Frameworks",
  month =        jan,
  year =         "1998",
}

@Misc{IETF:RFC2272,
  author =       "J. Case and D. Harrington and R. Presuhn and B.
                 Wijnen",
  title =        "{RFC 2272}: Message Processing and Dispatching for the
                 {Simple Network Management Protocol} ({SNMP})",
  month =        jan,
  year =         "1998",
}

@Misc{IETF:RFC2273,
  author =       "D. Levi and P. Meyer and B. Stewart",
  title =        "{RFC 2273}: {SNMPv3} Applications",
  month =        jan,
  year =         "1998",
}

@Misc{IETF:RFC2274,
  author =       "U. Blumenthal and B. Wijnen",
  title =        "{RFC 2274}: {User-based Security Model} ({USM}) for
                 version 3 of the {Simple Network Management Protocol}
                 ({SNMPv3})",
  month =        jan,
  year =         "1998",
}

@Misc{IETF:RFC2275,
  author =       "B. Wijnen and R. Presuhn and K. McCloghrie",
  title =        "{RFC 2275}: {View-based Access Control Model} ({VACM})
                 for the {Simple Network Management Protocol} ({SNMP})",
  month =        jan,
  year =         "1998",
}


@Manual{ISO:8824,
  title     = "ISO 8824: Information processing systems - Open Systems Interconnection, Specification of Basic Encoding Rules for Abstract Syntax Notation One (ASN.1)",
  organization = "ISO",
  year      = "1987",
  key       = "ISO",
}


