%% -*-BibTeX-*-
%%
%% Computers and Software Books
%% ====================================================================
%%
%%  BibTeX-file{
%%  author   = "Ralf Hoppe",
%%  version  = "$Revision: 1.2 $",
%%  filename = "computers.bib",
%%  address  = "Gundelfinger Strasse 40, 10318 Berlin, Germany",
%%  email    = "ralf.hoppe at domain ieee.org"  }


@Book{Press:1992,
  author =       {William H. Press, Saul A. Teukolsky, T. Vetterling, P. Flannery},
  title =        {Numerical Recipes in C -- The Art of Scientific Computing},
  publisher =    {Cambridge University Press},
  year =         {1992},
  edition =      {2.}
}


@Book{Zaks:1982,
  author =       {Zaks, Rodnay and Lesea, Austin},
  title =        {Mikroprozessor Interface Techniken},
  publisher =    {SYBEX-Verlag GmbH},
  year =         {1982}
}
