%% -*-BibTeX-*-
%%
%% Cryptography
%% ====================================================================
%%
%%  BibTeX-file{
%%  author   = "Ralf Hoppe",
%%  version  = "$Revision: 1.7 $",
%%  filename = "crypto.bib",
%%  address  = "Junker-J{\"o}rg-Strasse 2, 10318 Berlin, Germany",
%%  email    = "ralf.hoppe at domain ieee.org"  }



%% Some abbreviations taken from IEEEabrv.bib
@STRING{IEEE_J_PROC       = "Proc. {IEEE}"}
@STRING{IEEE_J_IT         = "{IEEE} Trans. Inform. Theory"}
@STRING{IEEE_M_COM        = "{IEEE} Commun. Mag."}


%% Books
%%%%%%%%%%%%%%%
@Book{Menezes:1992,
  author =       {Alfred J. Menezes and P. C. {van Oorschot} and Scott
                  A. Vanstone},
  title =        {Handbook of applied cryptography},
  series =       {CRC Press Series on Discrete Mathematics and Its Application},
  publisher =    {CRC Press},
  year =         {1992},
  edition =      {2.},
  annote =       {library}
}

@Book{Welschenbach:2001,
  author =       "Michael Welschenbach",
  title =        "{K}ryptographie in {C} und {C++}",
  publisher =    "Springer-Verlag",
  year =         "2001",
  address =      "Berlin Heidelberg New York",
  edition =      "2.",
  annote =       "library"
}

@Book{Schneier:1996,
  author =       "Bruce Schneier",
  title =        "Applied Cryptography",
  publisher =    "John Wiley {\&} Sons",
  year =         "1996",
  edition =      "2."
}

@Book{Rosing:1999,
  author =       {Michael Rosing},
  title =        {Implementing Elliptic Curve Cryptography},
  publisher =    {Manning Publications},
  year =         {1999},
  annote =       {library}
}


@Book{Hankerson:2004,
  author =       {Darrel Hankerson and Alfred Menezes and Scott Vanstone},
  title =        {Guide to Elliptic Curve Cryptography},
  publisher =    {Springer-Verlag},
  year =         {2004},
  address =      {New York},
  annote =       {library}
}


%% Articles/Reports
%%%%%%%%%%%%%%%%%%%%%%%%
@Article{Comba:1990,
  author =       {Paul G. Comba},
  title =        {Exponentiation Cryptosystems on the {IBM} {PC}},
  journal =      {IBM Systems Journal},
  volume =       {29},
  number =       {4},
  year =         {1990},
  month =        dec,
  pages =        {526--538}
}

@Article{Shannon:Secrecy:1949,
  author =       {C. E. Shannon},
  title =        {Communication Theory of Secrecy Systems},
  journal =      {Bell Systems Technical Journal},
  year =         {1949},
  volume =       {28},
  pages =        {656--715}
}

@Article{Diffie:1976,
  author =       {Whitfield Diffie and Martin E. Hellman},
  title =        {New Directions in Cryptographie},
  journal =      IEEE_J_IT,
  year =         {1976},
  volume =       {22},
  number =       {6},
  pages =        {644--654},
  month =        nov,
}

@Article{Rivest:1978,
  author =       {Leonard M. Adleman and Ronald L. Rivest},
  title =        {The use of public key cryptography in communication system
                  design},
  journal =      IEEE_M_COM,
  year =         {1978},
  volume =       {16},
  number =       {6},
  pages =        {20--23},
  month =        nov,
}

@article{RSA:1978,
  author =       "R. L. Rivest and A. Shamir and L. M. Adleman",
  title =        "A Method for Obtaining Digital Signatures and Public-Key
                  Cryptosystems",
  journal =      "Communications of the ACM",
  year =         "1978",
  volume =       "21",
  number =       "2",
  pages =        "120--126",
  month =        feb,
}

@Article{Feistel:1975,
  author =       {Horst Feistel, William A. Notz and J. Lynn Smith},
  title =        {Some cryptographic techniques for machine-to-machine data
                  communications},
  journal =      IEEE_J_PROC,
  year =         {1975},
  volume =       {63},
  number =       {11},
  pages =        {1545--1554},
  month =        nov,
}

@Article{okamoto:1990,
  author =       "T. Okamoto",
  title =        "A Fast Signature Scheme Based on Congruential Polynomial
                  Operations",
  journal =      IEEE_J_IT,
  year =         1990,
  volume =       "IT-36",
  number =       "1",
  pages =        "47--53",
  month =        jan,
}

@Article{Hars:2006,
  title =        {Modular Inverse Algorithms Without Multiplications for
                  Cryptographic Applications},
  author =       {Laszlo Hars},
  publisher =    {Hindawi Publishing Corporation},
  year =         {2006},
  url =          {http://www.hindawi.com/GetArticle.aspx?doi=10.1155/ES/2006/32192}
}

@InProceedings{Grossschadl:2000,
  title =        {The Chinese Remainder Theorem and its application in a
                  high-speed {RSA} crypto chip},
  year =         {2000},
  author =       {Johann Gro{\ss}sch{\"a}dl},
  booktitle =    {ACSAC '00: Proceedings of the 16th Annual Computer Security
                  Applications Conference},
  pages =        {384--393},
  address =      {Washington, DC},
  month =        dec,
  publisher =    {IEEE Computer Society}
}


@Unpublished{Black:2000,
  author =       {John Black and Phillip Rogaway},
  title =        {A Suggestion for Handling Arbitrary-Length Messages with the
                  {CBC} {MAC}},
  note =         {Comments to NIST concerning {AES} Modes of Operations},
  month =        may,
  year =         {2003},
  url =          {http://csrc.nist.gov/CryptoToolkit/modes/proposedmodes/index.html}
}

@Unpublished{Lipmaa:2000,
  author =       {Helger Lipmaa and Phillip Rogaway and David Wagner},
  title =        {{CTR}-{M}ode Encryption},
  note =         {Comments to {NIST} concerning {AES} Modes of Operations},
  month =        may,
  year =         {2000},
  url =          {http://csrc.nist.gov/CryptoToolkit/modes/proposedmodes/index.html}
}

%% Proceedings
%%%%%%%%%%%%%%%%%%%%%%
@InProceedings{miyaguchi:1990,
  author =       "S. Miyaguchi",
  title =        "The {FEAL} Cipher Family",
  booktitle =    "Advances in Cryptology - CRYPTO '90",
  pages =        "627--638",
  year =         "1991",
  series =       "LNCS 537",
  publisher =    "Springer-Verlag",
}


%% Standards
%%%%%%%%%%%%%%%

@TechReport{NIST:800-38A,
  author =       {Morris Dworkin},
  title =        {Recommendation for Block Cipher Modes of Operation},
  institution =  {NIST},
  year =         {2001},
  key =          {NIST},
  type =         {{NIST} Special Publication},
  number =       {800-38A},
  annote =       {project},
}

@TechReport{NIST:800-38D,
  author =       {Morris Dworkin},
  title =        {Recommendation for Block Cipher Modes of Operation:
                  Galois/Counter Mode({GCM}) and {GMAC}},
  institution =  {NIST},
  year =         {2007},
  key =          {NIST},
  type =         {{NIST} Special Publication},
  number =       {800-38D},
  note =         {DRAFT (June, 2007)},
}

@TechReport{FIPS:46-2,
  institution =  {National Bureau of Standards},
  title =        {Data Encryption Standard ({DES})},
  type =         {FIPS Publication},
  number =       {46-2},
  year =         {1993},
  key =          {NBS},
  annote =       {project},
}

@TechReport{FIPS:81,
  institution =  {National Bureau of Standards},
  title =        {{DES} Modes of Operation},
  type =         {FIPS Publication},
  number =       {81},
  year =         {1980},
  key =          {NBS},
  annote =       {project},
}

@TechReport{FIPS:186,
  institution =  {National Institute of Standards and Technology},
  title =        {Digitale Signature Standard},
  type =         {FIPS Publication},
  number =       {186},
  year =         {1994},
  key =          {NIST},
  annote =       {project},
}

@TechReport{FIPS:198-1,
  institution =  {National Institute of Standards and Technology},
  title =        {The Keyed-Hash Message Authentication Code ({HMAC})},
  type =         {FIPS Publication},
  number =       {198-1},
  year =         {2007},
  key =          {NIST},
  annote =       {project},
}


@TechReport{ISO:10116,
  title =        {{I}nformation technology -- {S}ecurity techniques -- {M}odes
                  of operation for an n-bit block cipher algorithm},
  type =         {International Standard},
  number =       {ISO/IEC~10116},
  year =         {2006},
  institution =  {ISO/IEC},
  key =          {ISO},
  annote =       {project},
}

@TechReport{ISO:9797-2,
  title =        {{I}nformation technology -- {S}ecurity techniques --
                  {M}essage {A}uthentication {C}odes ({MACs}) -- Part~2:
                  {M}echanisms using a dedicated hash-function},
  type =         {International Standard},
  number =       {ISO/IEC~9797-2},
  year =         {2002},
  institution =  {ISO/IEC},
  key =          {ISO},
  annote =       {project},
}

@TechReport{ISO:9797-1,
  title =        {{I}nformation technology -- {S}ecurity
                  techniques -- {M}essage {A}uthentication {C}odes ({MACs}) --
                  Part~1: {M}echanisms using a block cipher},
  type =         {International Standard},
  number =       {ISO/IEC~9797-1},
  year =         {1999},
  institution =  {ISO/IEC},
  key =          {ISO},
  annote =       {project},
}

@TechReport{ANSI:X9.52,
  title =        {Triple Data Encryption Algorithm Modes of
                  Operation},
  institution =  {ANSI},
  type =         {American National Standard for Financial Services},
  number =       {X9.52},
  year =         {1998},
  key =          {ANSI},
  annote =       {project},
}

@TechReport{ANSI:X9.62,
  title =        {Public Key Cryptography For The Financial Services Industry:
                  The Elliptic Curve Digital Signature Algorithm
                  ({ECDSA})},
  month =        sep,
  year =         {2005},
  institution =  {ANSI},
  type =         {American National Standard for Financial Services},
  number =       {X9.62},
  key =          {ANSI},
}

@TechReport{IEEE:STD1363,
  title =        {Standard Specifications For Public-Key Cryptography},
  year =         {2000},
  institution =  {IEEE},
  type =         {Std},
  number =       {1363-2000},
  key =          {IEEE},
  annote =       {project},
}

@TechReport{PKCS1:1993,
  title =        {{RSA} Encryption Standard},
  key =          {PKCS},
  institution =  {RSA Laboratories},
  type =         {PKCS},
  number =       {1},
  month =        nov,
  year =         {1993},
  note =         {(Version~1.5)},
  annote =       {project},
}

@TechReport{PKCS3:1993,
  title =        {{Diffie-Hellman} Key-Agreement Standard},
  key =          {PKCS},
  institution =  {RSA Laboratories},
  type =         {PKCS},
  number =       {3},
  month =        nov,
  year =         {1993},
  annote =       {project},
}

@TechReport{RFC1321,
  author =       {R. Rivest},
  title =        {The {MD5} Message-Digest Algorithm},
  institution =  {IETF},
  type =         {RFC},
  number =       {1321},
  month =        apr,
  year =         {1992},
  annote =       {project},
}

@TechReport{RFC2104,
  author =       {H. Krawczyk, M. Bellare, R. Canetti},
  title =        {{HMAC}: Keyed-Hashing for Message Authentication},
  institution =  {IETF},
  type =         {RFC},
  number =       {2104},
  month =        feb,
  year =         {1997},
  annote =       {project},
}

@TechReport{RFC2202,
  author =       {P. Cheng and R. Glenn},
  title =        {Test Cases for {HMAC-MD5} and {HMAC-SHA}-1},
  institution =  {IETF},
  type =         {RFC},
  number =       {2202},
  month =        sep,
  year =         {1997},
}

@TechReport{RFC3566,
  author =       {S. Frankel and H. Herbert},
  title =        {The {AES-XCBC-MAC-96} Algorithm and Its Use with {IPsec}},
  institution =  {IETF},
  type =         {RFC},
  number =       {3566},
  month =        sep,
  year =         {2003},
  annote =       {project},
}

