%% -*-BibTeX-*-
%%
%% Electronics
%% ====================================================================
%%
%%  BibTeX-file{
%%  author   = "Ralf Hoppe",
%%  version  = "$Revision: 1.2 $",
%%  filename = "electronics.bib",
%%  address  = "Junker-J{\"o}rg-Str. 2, 10318 Berlin, Germany",
%%  email    = "ralf.hoppe at domain ieee.org"  }

@Book{Seifart:1988,
  author =       {Manfred Seifart},
  title =        {Digitale Schaltungen},
  publisher =    {Verlag Technik},
  year =         {1988},
  address =      {Berlin},
  edition =      {3.}
}

@Book{Kieser:1985,
  author =       {Heiko Kieser and Michael Meder},
  title =        {Mikroprozessortechnik},
  publisher =    {Verlag Technik},
  year =         {1985},
  address =      {Berlin},
  edition =      {3.}
}

@Book{Rumpf:1979,
  author =       {Karl-Heinz Rumpf and Manfred Pulvers},
  title =        {Transistor-Elektronik},
  publisher =    {Verlag Technik},
  year =         {1979},
  address =      {Berlin},
  edition =      {3.}
}

@Book{Moeschwitzer:1983,
  author =       {Albrecht M{\"o}schwitzer},
  title =        {Halbleiterelektronik},
  publisher =    {Verlag Technik},
  year =         {1983},
  address =      {Berlin},
  edition =      {4.}
}

@Book{Moeschwitzer:1984,
  author =       {Albrecht M{\"o}schwitzer},
  title =        {Grundkurs Mikroelektronik},
  publisher =    {Verlag Technik},
  year =         {1984},
  address =      {Berlin}
}

@Book{Liebscher:1981,
  author =       {Siegfried Liebscher and others},
  title =        {Rundfunk-, Fernseh-, Tonspeichertechnik},
  publisher =    {Verlag Technik},
  year =         {1981},
  address =      {Berlin}
}

@Book{Leonhardt:1976,
  author =       {Erich Leonhardt},
  title =        {Grundlagen der Digitaltechnik},
  publisher =    {Carl Hanser Verlag},
  year =         {1976},
  address =      {M{\"u}nchen Wien}
}

@Book{Reiss:1970,
  author =       {Karl Rei{\ss}},
  title =        {Integrierte Digitalbausteine},
  publisher =    {Siemens AG},
  year =         {1970},
  address =      {Berlin M{\"u}nchen}
}

@Book{Schwertfeger:1971,
  author =       {Hans-Joachim Schwertfeger},
  title =        {Grundlagen der elektronischen digitalen Schaltungstechnik},
  publisher =    {transpress Verlag f{\"u}r Verkehrswesen},
  year =         {1971},
  address =      {Berlin}
}

@Book{Kuehn:1979,
  author =       {Eberhard K{\"u}hn and Horst Schmied},
  title =        {Handbuch Integrierte Schaltkreise},
  publisher =    {Verlag Technik},
  year =         {1979},
  address =      {Berlin},
  edition =      {2.}
}

@Book{Mennenga:1979,
  author =       {Heyo Mennenga},
  title =        {Schaltungstechnik mit Operationsverst{\"a}rkern},
  publisher =    {Verlag Technik},
  year =         {1979},
  address =      {Berlin}
}

@Book{Kurz:1985,
  author =       {G. Kurz},
  title =        {Analoge Schaltungen},
  publisher =    {Milit{\"a}rverlag der DDR},
  year =         {1985},
  address =      {Berlin},
  edition =      {3.}
}

@Book{Schunk:1979,
  author =       {Hermann Schunk and Werner Engel},
  title =        {Grundlagen der Impulstechnik},
  publisher =    {H{\"u}thig und Pflaum verlag},
  year =         {1979}
}

@Book{Ackermann:1980,
  author =       {Otto Ackermann},
  title =        {Fernsehen in Farben},
  publisher =    {Fachbuchverlag},
  year =         {1980},
  address =      {Leipzig},
  edition =      {4.}
}


@Book{Pressler:1967,
  author =       {Gerhard Pressler},
  title =        {Regelungstechnik},
  publisher =    {Bibliographisches Institut},
  year =         {1967},
  edition =      {3.}
}



%% Standards
%%%%%%%%%%%%%%

@Misc{SFPMSA:2000,
  key =          {MSA},
  title =        {Small Form-factor Pluggable ({SFP}) Transceiver
                  MultiSource Agreement ({MSA})},
  month =        sep,
  year =         {2000},
  keywords =     {SFP},
  projects =     {SITLine},
}

@TechReport{EN:55022,
  title =        {{E}inrichtungen der {I}nformationstechnik;
                  {F}unkst{\"o}reigenschaften; {G}renzwerte und {M}essverfahren},
  institution =  {DIN},
  type =         {Europ{\"a}ische Norm},
  number =       {EN~55{\,}022},
  year =         {2001},
  month =        nov,
  key =          {EN},
  projects =     {SITLine},
}

@TechReport{EN:55024,
  title =        {{E}inrichtungen der {I}nformationstechnik;
                  {S}t{\"o}rfestigkeitseigenschaften -- {G}renzwerte und
                  {P}r{\"u}fverfahren},
  institution =  {DIN},
  type =         {Europ{\"a}ische Norm},
  number =       {EN~55{\,}024},
  year =         {2003},
  month =        oct,
  key =          {EN},
  projects =     {SITLine},
}

@TechReport{EU:RTTE,
  title =        {{R}ichtlinie {1999/5/EG} des {E}uropischen {P}arlaments und des {R}ates
                  vom 9. {M}{\"a}rz 1999 {\"u}ber {F}unkanlagen und
                  {T}elekommunikationsendeinrichtungen und die gegenseitige
                  {A}nerkennung ihrer {K}onformit{\"a}t},
  institution =  {Europ{\"a}ische Union},
  year =         {1999},
  key =          {EU},
  type =         {Richtlinie},
  number =       {1999/5/EG},
  month =        mar,
  note =         {(R{\&}TTE)},
  keywords =     {FTEG},
  projects =     {SITLine},
}

@TechReport{EU:ROHS,
  title =        {{R}ichtlinie {2002/95/EG} des {E}urop{\"a}ischen {P}arlaments und des
                  {R}ates vom 27. {J}anuar 2003 zur {B}eschr{\"a}nkung der {V}erwendung
                  bestimmter gef{\"a}hrlicher {S}toffe in {E}lektro- und
                  {E}lektronikger{\"a}ten},
  institution =  {Europ{\"a}ische Union},
  year =         {2003},
  key =          {EU},
  type =         {Richtlinie},
  number =       {2002/95/EG},
  month =        jan,
  note =         {(RoHS)},
  keywords =     {RoHS},
  projects =     {SITLine},
}


@TechReport{EU:WEEE,
  title =        {{R}ichtlinie {2002/96/EG} des {E}urop{\"a}ischen {P}arlaments und des
                  {R}ates vom 27. {J}anuar 2003 {\"u}ber {E}lektro- und
                  {E}lektronik-{A}ltger{\"a}te },
  institution =  {Europ{\"a}ische Union},
  year =         {2002},
  key =          {EU},
  type =         {Richtlinie},
  number =       {2002/96/EG},
  month =        jan,
  note =         {(WEEE)},
  keywords =     {WEEE},
  projects =     {SITLine},
}
