%% -*-BibTeX-*-
%%
%% Math Books
%% ====================================================================
%%
%%  BibTeX-file{
%%  author   = "Ralf Hoppe",
%%  version  = "$Revision: 1.3 $",
%%  filename = "math.bib",
%%  address  = "Gundelfinger Strasse 40, 10318 Berlin, Germany",
%%  email    = "ralf.hoppe at domain ieee.org" }



@book{Achieser:1967,
   author    = {Naum I. Achieser},
   title     = {Vorlesungen {\"u}ber Approximationstheorie},
   year      = {1967},
   publisher = {Akademie-Verlag},
   address   = {Berlin},
   edition   = {2.},
}


@Book{Achieser:1970,
  author    = {Naum I. Achieser},
  title     = {Elements of the Theory of Elliptic Functions},
  publisher = {Nauka},
  year      = {1970},
  address   = {Moskau},
  edition   = {2.},
  volume    = {79},
  series =    {Translations of Mathematical Monographs; American Mathematical Society (AMS)},
  note      = {{\"U}bersetzung (aus dem Russischen) H.~H. McFaden, Editor B. Silver},
}


@inbook{Remez:1957:algorithm,
   author    = {E.~Ya. Remez},
   title     = {Allgemeine numerische Methoden der Tschebyschew-Approximation},
   year      = {1957},
   publisher = {AH YCCP},
   pages     = {1--85},
   note      = {(Russisch)},
}

@book{Meinardus:1964,
   author    = {G{\"u}nter Meinardus},
   title     = {Approximation von Funktionen und ihre numerische Behandlung},
   year      = {1964},
   publisher = {Springer-Verlag},
   address   = {Berlin},
}

@Book{Bosch:1996,
  author = 	 {Siegfried Bosch},
  title = 	 {Algebra},
  publisher =    {Springer-Verlag},
  address   =    {Berlin},
  year = 	 {1996}
}


@book{Kaiser:1980,
  author =     {H. Kaiser},
  title =      {Numerische Mathematik und Rechentechnik II},
  publisher =  {Deutscher Verlag der Wissenschaften},
  year =       {1980},
  address =   {Berlin},
}

@book{Haemmerlin:1992,
   author    = {G{\"u}nter H{\"a}mmerlin and Karl-Heinz Hoffmann},
   title     = {Numerische Mathematik},
   year      = {1992},
   publisher = {Springer-Verlag},
   address   = {Berlin},
   edition   = {3.},
}


@book{Jahnke:1952,
  author =    {Eugen Jahnke and Fritz Emde},
  title =     {Tafeln h{\"o}herer Funktionen},
  publisher = {B.G. Teubner Verlagsgesellschaft},
  address   = {Leipzig},
  year =      {1952},
  edition =   {5.},
}


@book{Cayley:1876,
   author    = {Arthur Cayley},
   title     = {An elementary treatise on elliptic functions},
   year      = {1876},
   publisher = {Cambridge: Deighton, Bell, and Co.},
   address   = {London},
}



@Book{Koenigsberger:1874,
  author =    {Leo Koenigsberger},
  title =     {Vorlesungen {\"uber} die Theorie der elliptischen Functionen nebst einer Einleitung in die allgemeine Functionlehre},
  publisher = {B.G. Teubner Verlagsgesellschaft},
  year =      {1874},
  volume =    {1},
  address =   {Leipzig},
}


@Book{Weber:1891,
  author =    {Heinrich Weber},
  title =     {Elliptische Functionen und algebraische Zahlen},
  publisher = {Friedrich Vieweg und Sohn},
  year =      {1891},
  address =   {Braunschweig},
  note =      {Akademische Vorlesungen},
}


@book{Jacobi:1881,
   editor    = {Carl Wilhelm Borchardt and Karl Weierstrass},
   title     = {{C.G.J. Jacobi}'s gesammelte Werke},
   year      = {1881--91},
   publisher = {Verlag von G. Reimer},
   address   = {Berlin},
   volume    = {1--7},
}



@Book{Legendre:1825,
  author     = {Adrien-Marie Legendre},
  title      = {Trait{\'e} des Fonctions Elliptiques},
  publisher  = {},
  year       = {1825, 1826},
  volume     = {1, 2},
  address    = {Paris},
}


@book{Whittaker:1927,
   author    = {Edmund Taylor Whittaker and George Neville Watson},
   title     = {A course of modern analysis},
   year      = {1927},
   publisher = {Cambridge University Press},
   edition   = {4.},
}


@book{Chebyshev:1899,
   author    = {Pafnuti Lwowitsch Tschebyscheff},
   title     = {Oeuvres},
   year      = {1899, 1907},
   volume    = {1, 2},
   address   = {St. Petersburg},
   note      = {(Werke)},
}


@book{Zolotarev:1931,
   author    = {Egor Iwanowitsch Solotareff},
   title     = {Gesammelte Werke},
   volume    = {1, 2},
   year      = {1931, 1932},
   address   = {Leningrad},
   note      = {(Russisch)},
}


@book{Jacobi:1829,
  author =    {Carl Gustav Jacob Jacobi},
  title =     {Fundamenta nova theoriae functionum ellipticarum},
  publisher = {Borntr{\"a}ger},
  year =      {1829},
  address =   {K{\"o}nigsberg},
}


@Book{Klein:1890,
  author =    {Felix Klein},
  title =     {Vorlesungen {\"u}ber die Theorie der elliptischen Modulfunktionen},
  publisher = {B.G. Teubner Verlagsgesellschaft},
  year =      {1890--92},
  address =   {Leipzig},
}



@Book{Tricomi:1948,
  author =    {Francesco Tricomi},
  title     = {Elliptische Funktionen},
  publisher = {Akademische Verlagsgesellschaft Geest {\&} Portig K.-G.},
  year      = {1948},
  address   = {Leipzig},
  note      = {(bearbeitet von M. Kraft)},
}


@Book{Byrd:1954,
  author =    {Paul F. Byrd and Morris D. Friedman},
  title =     {Handbook of elliptic integrals for engineers and physicists},
  publisher = {Springer-Verlag},
  year =      {1954},
  address =   {Berlin},
}


@book{Abramowitz:1972,
   editor    = {Milton Abramowitz and Irene A. Stegun},
   title     = {Handbook of Mathematical Functions},
   year      = {1972},
   publisher = {Dover Publications, Inc.},
   edition   = {9.},
}




@Book{Sieber:1988,
  author =       {Norbert Sieber and Hans-J{\"u}rgen Sebastian},
  title =        {Spezielle Funktionen},
  publisher =    {B.G. Teubner Verlagsgesellschaft},
  year =         {1988},
  volume =       {12},
  series =       {Mathematik f{\"u}r Ingenieure, Naturwissenschaftler, Ökonomen, Landwirte},
  address =      {Leipzig},
  edition =      {3.}
}


@Book{Oelschlaegel:1974,
  author =       {Dieter Oelschl{\"a}gel and Wolf-Gert Matth{\"a}us},
  title =        {Numerische Methoden},
  publisher =    {B.G. Teubner Verlagsgesellschaft},
  year =         {1974},
  volume =       {18},
  series =       {Mathematik f{\"u}r Ingenieure, Naturwissenschaftler, Ökonomen, Landwirte},
  address =      {Leipzig},
  edition =      {1.}
}



%% Articles
%%%%%%%%%%%%%%%


@inproceedings{Todd:1983,
  author = {John Todd},
  editor = {S. P. Singh and others},
  booktitle = {Approximation Theory and Spline Functions},
  title  = {Applications of transformation theory: A legacy from {Zolotarev (1847--1878)}},
  year   = {1984},
  number = {136},
  pages  = {207--245},
  series = {NATO ASI Ser. C},
  organization = {NATO Adv. Study Inst.},
  address = {St. John's/Newfoundland},
  publisher = {D. Reidel Publishing Company},
}


@article{Hofsommer:1963,
  author = {D. J. Hofsommer and  {R. van de} Riet},
  title = {On the numerical calculation of elliptic integrals of the first and second kind and the elliptic functions of {Jacobi}},
  journal = {Numer. Math.},
  year = {1963},
  volume = {5},
  pages = {291--303},
}


@article{Bulirsch:1965,
  author = {Roland Bulirsch},
  title = {Numerical calculation of elliptic integrals and elliptic functions},
  journal = {Numer. Math.},
  year = {1965},
  volume = {7},
  pages = {78--90},
}


@article{Bulirsch2:1965,
  author = {Roland Bulirsch},
  title = {Numerical calculation of elliptic integrals and elliptic functions. II},
  journal = {Numer. Math.},
  year = {1965},
  volume = {7},
  pages = {353--354},
}


@article{Bulirsch:1969,
  author = {Roland Bulirsch},
  title = {Numerical calculation of elliptic integrals and elliptic functions. III},
  journal = {Numer. Math.},
  year = {1969},
  volume = {13},
  pages = {305--315},
}


@article{Pevnyi:1992,
  author = {A. B. Pevnyi},
  title = {Computation of {Jacobi} elliptic functions using {Gauss} transformation},
  journal = {Comput. Maths Math. Phys.},
  year = {1992},
  volume = {32},
  number = {11},
  pages = {1671--1674},
}


@article{Piloty:1954,
  author = {Hans Piloty},
  title = {Zolotareffsche rationale Funktionen. - Zusammenfassender Bericht.},
  journal = {Zentralblatt für angewandte Math. Mech.},
  year =    {1954},
  volume =  {34},
  number =  {4/5},
  pages =   {175--189},
}


@article{Istace:1995,
  author =       {M. P. Istace and J. P. Thiran},
  title =        {On the third and fourth {Zolotarev} problems in the complex plane},
  journal =      {SIAM J. Numer. Anal.},
  year =         {1995},
  volume =       {32},
  number =       {1},
  pages =        {249--259},
  month =        {Februar},
}


@article{Zolotarev:1932,
  author =       {Egor Iwanowitsch Solotareff},
  title =        {Die Anwendung elliptischer Funktionen auf das Problem der Funktionen, die am wenigsten von Null abweichen.},
  journal =      {Comm. Soc. Math.},
  year =         {1932},
  annote    =    {Kharkov},
  note      =    {(Russisch)},
}

