%% -*-BibTeX-*-
%%
%% Cryptography
%% ====================================================================
%%
%%  BibTeX-file{
%%  author   = "Ralf Hoppe",
%%  version  = "$Revision: 1.2 $",
%%  filename = "safety.bib",
%%  address  = "Junker-J{\"o}rg-Strasse 2, 10318 Berlin, Germany",
%%  email    = "ralf.hoppe at domain ieee.org"  }



%% Books
%%%%%%%%%%%%%%%

@Book{Birolini:1997,
  author =       {A. Birolini},
  title =        {Zuverl{\"a}ssigkeit von Ger{\"a}ten und Systemen},
  publisher =    {Springer-Verlag},
  year =         {1997},
  edition =      {4.},
  annote =       {library}
}



%% Articles/Reports
%%%%%%%%%%%%%%%%%%%%%%%%


@Manual{MISRA:2004,
  title =        {{MISRA-C:2004} Guidelines for the use of the {C} language in
                  critical systems},
  organization = {The Motor Industry Software Reliability Association (MISRA)},
  year =         {2004},
  key =          {MISRA},
  keywords =     {MISRA, C},
  annote =       {project},
}


%% Proceedings
%%%%%%%%%%%%%%%%%%%%%%



%% Standards
%%%%%%%%%%%%%%%

@TechReport{EN:60950-1,
  title =        {Einrichtungen der Informationstechnik -- Sicherheit; Teil~1:
                  Allgemeine Anforderungen},
  institution =  {DIN},
  type =         {Europ{\"a}ische Norm},
  number =       {EN~60{\,}950-1},
  year =         {2003},
  month =        mar,
  key =          {EN},
  annote =       {project},
}

@TechReport{EN:60529,
  title =        {{S}chutzarten durch {G}eh{\"a}use ({IP-Code})},
  institution =  {DIN},
  type =         {Europ{\"a}ische Norm},
  number =       {EN~60{\,}529},
  year =         {2000},
  month =        sep,
  key =          {EN},
  annote =       {project},
}

@TechReport{EN:60601-1,
  title =        {{M}edizinische elektrische {G}er{\"a}te - {T}eil~1:
                  {A}llgemeine {F}estlegungen f{\"u}r die {S}icherheit},
  institution =  {DIN},
  type =         {Europ{\"a}ische Norm},
  number =       {EN~60{\,}601-1},
  year =         {1996},
  month =        mar,
  key =          {EN},
  note =         {(VDE~0750-1)},
  annote =       {project},
}

@TechReport{EN:60601-1-4,
  title =        {{M}edizinische elektrische {G}er{\"a}te - {T}eil~1-4:
                  {A}llgemeine {F}estlegungen f{\"u}r die {S}icherheit;
                  {E}rg{\"a}nzungsnorm: {P}rogrammierbare elektrische
                  medizinische {S}ysteme},
  institution =  {DIN},
  type =         {Europ{\"a}ische Norm},
  number =       {EN~60{\,}601-1-4},
  year =         {2001},
  month =        apr,
  key =          {EN},
  note =         {(VDE~0750-1-4)},
  annote =       {project},
}

@TechReport{EN:60601-2-31,
  title =        {{M}edizinische elektrische {G}er{\"a}te - {T}eil~2-31:
                  {B}esondere {F}estlegungen f{\"u}r die {S}icherheit von
                  externen {H}erzschrittmachern mit interner {S}tromversorgung},
  institution =  {DIN},
  type =         {Europ{\"a}ische Norm},
  number =       {EN~60{\,}601-2-31},
  year =         {1996},
  month =        oct,
  key =          {EN},
  note =         {(VDE~0750-2-31)},
  annote =       {project},
}

@TechReport{EN:50061,
  title =        {{S}icherheit implantierbarer {H}erzschrittmacher},
  institution =  {DIN},
  type =         {Europ{\"a}ische Norm},
  number =       {EN~50{\,}061},
  year =         {1988},
  key =          {EN},
  annote =       {project},
}

@TechReport{EN:60825-1,
  title =        "{S}icherheit von {L}asereinrichtungen; Teil~1: {K}lassifizierung
                  von {A}nlagen, {A}nforderungen und {B}enutzer-{R}ichtlinien",
  institution =  "DIN",
  type =         "Norm",
  number =       "EN~60825-1",
  year =         "2003",
  month =        oct,
  key =          "EN",
  note =         "(IEC 60825-1:1993 + A1:1997 + A2:2001)",
  annote =       "project",
}

@TechReport{EN:60825-2,
  title =        "{S}icherheit von {L}asereinrichtungen; {T}eil~2: {S}icherheit
                  von {L}ichtwellenleiter-{K}ommunikationssystemen",
  institution =  "DIN",
  type =         "Norm",
  number =       "EN~60825-2",
  year =         "2001",
  month =        may,
  key =          "EN",
  note =         "(IEC 60825-2:2000)",
  annote =       "project",
}

@TechReport{EN:1441,
  title =        {{M}edizinprodukte; {R}isikoanalyse},
  institution =  {DIN},
  type =         {Europ{\"a}ische Norm},
  number =       {EN~1441},
  year =         {1997},
  key =          {EN},
  annote =       {project},
}

@TechReport{EN:61508-7,
  title =        {{F}unktionale {S}icherheit sicherheitsbezogener elektrischer/
                  elektronischer/programmierbarer elektronischer {S}ysteme {T}eil~7:
                  {A}nwendungshinweise {\"u}ber {V}erfahren und {M}a{\ss}nahmen},
  institution =  {DIN},
  type =         {Europ{\"a}ische Norm},
  number =       {EN~61{\,}508-7},
  year =         {2003},
  month =        jun,
  key =          {EN},
  annote =       {project},
}

@TechReport{EN:45502-2-1,
  title =        {{A}ktive implantierbare medizinische {G}er{\"a}te - {T}eil~2-1:
                  {B}esondere {F}estlegungen f{\"u}r aktive implantierbare
                  medizinische {G}er{\"a}te zur {B}ehandlung von {B}radyarrhythmie
                  ({H}erzschrittmacher)},
  institution =  {DIN},
  type =         {Europ{\"a}ische Norm},
  number =       {EN~45502-2-1},
  year =         {2004},
  month =        aug,
  key =          {EN},
  annote =       {project},
}

@TechReport{ISO:5841-1,
  title =        {Cardiac Pacemakers - Part~1: Implantable Pacemakers},
  institution =  {ISO},
  type =         {International Standard},
  number =       {ISO~5841-1},
  year =         {1989},
  month =        jan,
  key =          {ISO},
  annote =       {project},
}

@TechReport{UL:1998,
  title =        {Safety-Related Software},
  institution =  {Underwriters Laboratories {Inc.}},
  type =         {Standard},
  number =       {UL~1998},
  year =         {1994},
  month =        jan,
  key =          {UL},
  annote =       {project},
  keywords =     {safety, software},
}

@TechReport{VDE:0801,
  title =        {{G}runds{\"a}tze f{\"u}r {R}echner in {S}ystemen mit
                  {S}icherheitsaufgaben},
  institution =  {VDE},
  type =         {Standard},
  number =       {VDE~0801},
  year =         {1990},
  month =        jan,
  key =          {VDE},
  annote =       {project},
  keywords =     {safety, software},
}

@Manual{FDA:RevGuide:1991,
  title =        {Reviewer Guidance For Computer Controlled Medical Devices
                  Undergoing 510(k) Review},
  organization = {Food and Drug Administration},
  year =         {1991},
  key =          {FDA},
  keywords =     {FDA, medical devices},
  annote =       {project},
}

